<?xml version="1.0" encoding="UTF-8"?><collection xmlns="http://www.loc.gov/MARC21/slim"><record><leader>00680nam--2200229-u-4500</leader><controlfield tag="001">000050314</controlfield><controlfield tag="002">20161230</controlfield><controlfield tag="003">81760</controlfield><controlfield tag="005">20161230201048</controlfield><controlfield tag="008">060529s1000------------r-----000-0-eng-d</controlfield><datafield ind1=" " ind2=" " tag="020"><subfield code="a">0-8133-4087-x</subfield></datafield><datafield ind1=" " ind2=" " tag="040"><subfield code="a">IFIN-HH</subfield></datafield><datafield ind1=" " ind2=" " tag="080"><subfield code="a">530.14:(530.1:140.8)</subfield></datafield><datafield ind1="1" ind2=" " tag="100"><subfield code="a">Espagnat, Bernard d'</subfield></datafield><datafield ind1="1" ind2="0" tag="245"><subfield code="a">Veiled Reality</subfield><subfield code="b">An Analysis of Present-Day Qunatum Mechanical Concepts</subfield><subfield code="c">Bernard d'Espagnat</subfield></datafield><datafield ind1=" " ind2=" " tag="260"><subfield code="a">Colorado</subfield><subfield code="b">Westwiew Press</subfield><subfield code="c">2003</subfield></datafield><datafield ind1=" " ind2=" " tag="300"><subfield code="a">xx, 474 p</subfield></datafield><datafield ind1=" " ind2="0" tag="490"><subfield code="a">Frontiers in Physics</subfield><subfield code="v">Vol. 91</subfield></datafield><datafield ind1=" " ind2=" " tag="504"><subfield code="a">Contine Referinte bibliografice si Index</subfield></datafield><datafield ind1=" " ind2="0" tag="650"><subfield code="a">Quantum mechanics</subfield></datafield><datafield ind1=" " ind2=" " tag="852"><subfield code="a">81760</subfield><subfield code="c">530.14</subfield></datafield><datafield ind1=" " ind2=" " tag="CAT"><subfield code="a">Sys</subfield><subfield code="c">20110324</subfield><subfield code="h">154725</subfield></datafield></record></collection>